%% This BibTeX bibliography file was created using BibDesk.
%% http://bibdesk.sourceforge.net/

%% Created for zhang at 2017-03-05 16:50:38 +0800 


%% Saved with string encoding Unicode (UTF-8) 



@article{MapReduce,
	Acmid = {1327492},
	Address = {New York, NY, USA},
	Author = {Dean, Jeffrey and Ghemawat, Sanjay},
	Date-Added = {2017-03-05 07:52:00 +0000},
	Date-Modified = {2017-03-05 07:52:16 +0000},
	Doi = {10.1145/1327452.1327492},
	Issn = {0001-0782},
	Issue_Date = {January 2008},
	Journal = {Commun. ACM},
	Month = jan,
	Number = {1},
	Numpages = {7},
	Pages = {107--113},
	Publisher = {ACM},
	Title = {MapReduce: Simplified Data Processing on Large Clusters},
	Url = {http://doi.acm.org/10.1145/1327452.1327492},
	Volume = {51},
	Year = {2008},
	Bdsk-Url-1 = {http://doi.acm.org/10.1145/1327452.1327492},
	Bdsk-Url-2 = {http://dx.doi.org/10.1145/1327452.1327492}}

@book{hadoop-defnitive-guide,
	Author = {Tom White},
	Date-Added = {2017-03-05 04:52:19 +0000},
	Date-Modified = {2017-03-05 07:40:52 +0000},
	Edition = {4},
	Keywords = {hadoop},
	Month = {8},
	Publisher = {东南大学出版社},
	Title = {Hadoop The Definitive Guide},
	Year = {2015}}

@article{GFS,
	Acmid = {945450},
	Address = {New York, NY, USA},
	Author = {Ghemawat, Sanjay and Gobioff, Howard and Leung, Shun-Tak},
	Date-Modified = {2017-03-05 07:39:57 +0000},
	Doi = {10.1145/1165389.945450},
	Issn = {0163-5980},
	Issue_Date = {December 2003},
	Journal = {SIGOPS Oper. Syst. Rev.},
	Keywords = {clustered storage, data storage, fault tolerance, scalability},
	Month = oct,
	Number = {5},
	Numpages = {15},
	Pages = {29--43},
	Publisher = {ACM},
	Title = {The Google File System},
	Url = {http://doi.acm.org/10.1145/1165389.945450},
	Volume = {37},
	Year = {2003},
	Bdsk-Url-1 = {http://doi.acm.org/10.1145/1165389.945450},
	Bdsk-Url-2 = {http://dx.doi.org/10.1145/1165389.945450}}

@misc{hadoop-site,
	Author = {ASF},
	Date-Modified = {2017-03-05 08:34:40 +0000},
	Howpublished = {http://hadoop.apache.org/},
	Month = {1},
	Note = {(Accessed on 03/05/2017)},
	Title = {Apache{\texttrademark} Hadoop{\textregistered}!},
	Url = {http://hadoop.apache.org/},
	Year = {2017}}
